

@inproceedings{haddouche2022online,
  author    = {Maxime Haddouche and
               Benjamin Guedj},
  title     = {{Online PAC-Bayes Learning}},
  booktitle = {Advances in Neural Information Processing Systems (NeurIPS)},
  year      = {2022},
  keywords  = {conference}
}

@article{haddouche2023pac,
  author    = {Maxime Haddouche and
               Benjamin Guedj},
  title     = {{PAC-Bayes Generalisation Bounds for Heavy-Tailed Losses through Supermartingales}},
  journal   = {Transactions on Machine Learning Research},
  year      = {2023},
  keywords  = {journal}
}

@article{haddouche2023wasserstein,
  author    = {Maxime Haddouche and
               Benjamin Guedj},
  title     = {{Wasserstein PAC-Bayes Learning: Exploiting Optimisation Guarantees to Explain Generalisation}}, 
  year      = {2023},
  archivePrefix={arXiv},
  keywords  = {report}
}

@article{haddouche2024pac,
      title={A PAC-Bayesian Link Between Generalisation and Flat Minima}, 
      author={Maxime Haddouche and Paul Viallard and Umut Simsekli and Benjamin Guedj},
      year={2024},
      archivePrefix={arXiv},
      keywords  = {report}
}


@inproceedings{viallard2023learning,
  author       = {Paul Viallard and
                  Maxime Haddouche and
                  Umut Simsekli and
                  Benjamin Guedj},
  title        = {{Learning via Wasserstein-Based High Probability Generalisation Bounds}},
  booktitle    = {Advances in Neural Information Processing Systems (NeurIPS)},
  year         = {2023},
  keywords     = {conference}
}

