
@misc{haddouche2020upper,
      title        = {{Upper and Lower Bounds on the  Performance of Kernel PCA}}, 
      author        = {Maxime Haddouche and Benjamin Guedj and John Shawe-Taylor},
      year          = {2020},
      eprint        = {2012.10369},
      archivePrefix = {arXiv},
      primaryClass  = {cs.LG},
      keywords      = {report}
}

@article{haddouche2021pac,
      title={{PAC-Bayes unleashed: generalisation bounds with unbounded losses}},
      author={Haddouche, Maxime and Guedj, Benjamin and Rivasplata, Omar and Shawe-Taylor, John},
      journal={Entropy},
      volume={23},
      number={10},
      pages={1330},
      year={2021},
      publisher={Multidisciplinary Digital Publishing Institute}
      }

@inproceedings{haddouche2022online,
  author    = {Maxime Haddouche and
               Benjamin Guedj},
  title     = {{Online PAC-Bayes Learning}},
  booktitle = {Advances in Neural Information Processing Systems (NeurIPS)},
  year      = {2022},
  keywords  = {conference}
}

@misc{haddouche2023optimistic,
      title={{Optimistic Dynamic Regret Bounds}}, 
      author={Maxime Haddouche and Benjamin Guedj and Olivier Wintenberger},
      year={2023},
      eprint={2301.07530},
      archivePrefix={arXiv},
      primaryClass={cs.LG},
      keywords= {report}
}

@article{haddouche2023pac,
  author    = {Maxime Haddouche and
               Benjamin Guedj},
  title     = {{PAC-Bayes Generalisation Bounds for Heavy-Tailed Losses through Supermartingales}},
  journal   = {Transactions on Machine Learning Research},
  year      = {2023},
  keywords  = {journal}
}

@article{haddouche2023wasserstein,
  author    = {Maxime Haddouche and
               Benjamin Guedj},
  title     = {{Wasserstein PAC-Bayes Learning: A Bridge Between Generalisation and Optimisation}}, 
  year      = {2023},
  journal   = {arXiv},
  volume    = {abs/2304.07048},
  keywords  = {report}
}

@article{jobic2023federated,
      title={{Federated Learning with Nonvacuous Generalisation Bounds}}, 
      author={Pierre Jobic and Maxime Haddouche and Benjamin Guedj},
      year={2023},
      eprint={2310.11203},
      archivePrefix={arXiv},
      primaryClass={cs.LG},
      keywords = {report}
}

@article{viallard2023learning,
  author       = {Paul Viallard and
                  Maxime Haddouche and
                  Umut Simsekli and
                  Benjamin Guedj},
  title        = {{Learning via Wasserstein-Based High Probability Generalisation Bounds}},
  booktitle    = {Advances in Neural Information Processing Systems (NeurIPS)},
  year         = {2023},
  keywords     = {conference}
}