@book{durrett2019probability,
  title={Probability: theory and examples},
  author={Durrett, Rick},
  volume={49},
  year={2019},
  publisher={Cambridge university press}
}



@inproceedings{lu2017expressive,
  author       = {Zhou Lu and
                  Hongming Pu and
                  Feicheng Wang and
                  Zhiqiang Hu and
                  Liwei Wang},
  editor       = {Isabelle Guyon and
                  Ulrike von Luxburg and
                  Samy Bengio and
                  Hanna M. Wallach and
                  Rob Fergus and
                  S. V. N. Vishwanathan and
                  Roman Garnett},
  title        = {The Expressive Power of Neural Networks: {A} View from the Width},
  year         = {2017},
  url          = {https://proceedings.neurips.cc/paper/2017/hash/32cbf687880eb1674a07bf717761dd3a-Abstract.html},
}



@inproceedings{park2021minimum,
  author       = {Sejun Park and
                  Chulhee Yun and
                  Jaeho Lee and
                  Jinwoo Shin},
  title        = {Minimum Width for Universal Approximation},
  booktitle    = {9th International Conference on Learning Representations, {ICLR} 2021,
                  Virtual Event, Austria, May 3-7, 2021},
  year         = {2021},
  url          = {https://openreview.net/forum?id=O-XJwyoIF-k},
}

@book{riesz1955lecons,
  title={Le√ßons d'analyse fonctionelle},
  author={Riesz, Frigyes},
  year={1955},
}



