@misc{Abadi2015,
  author    = {Mart\'{i}n Abadi and
               Ashish Agarwal and
               Paul Barham and
               Eugene Brevdo and
               Zhifeng Chen and
               Craig Citro and
               Greg S. Corrado and
               Andy Davis and
               Jeffrey Dean and
               Matthieu Devin and
               Sanjay Ghemawat and
               Ian Goodfellow and
               Andrew Harp and
               Geoffrey Irving and
               Michael Isard and
               Yangqing Jia and
               Rafal Jozefowicz and
               Lukasz Kaiser and
               Manjunath Kudlur and
               Josh Levenberg and
               Dandelion Man\'{e} and
               Rajat Monga and
               Sherry Moore and
               Derek Murray and
               Chris Olah and
               Mike Schuster and
               Jonathon Shlens and
               Benoit Steiner and
               Ilya Sutskever and
               Kunal Talwar and
               Paul Tucker and
               Vincent Vanhoucke and
               Vijay Vasudevan and
               Fernanda Vi\'{e}gas and
               Oriol Vinyals and
               Pete Warden and
               Martin Wattenberg and
               Martin Wicke and
               Yuan Yu and
               Xiaoqiang Zheng},
  title     = {TensorFlow: Large-Scale Machine Learning on Heterogeneous Systems},
  year      = {2015},
}

@inproceedings{AlayracUesatoHuangFawziStanforthKohli2019,
  author    = {Jean{-}Baptiste Alayrac and
               Jonathan Uesato and
               Po{-}Sen Huang and
               Alhussein Fawzi and
               Robert Stanforth and
               Pushmeet Kohli},
  title     = {Are Labels Required for Improving Adversarial Robustness?},
  booktitle = {NeurIPS},
  year      = {2019},
}

@article{Alquier2021,
  author    = {Pierre Alquier},
  title     = {User-friendly introduction to PAC-Bayes bounds},
  journal   = {CoRR},
  volume    = {abs/2110.11216},
  year      = {2021},
}

@article{AlquierRidgwayChopin2016,
  author    = {Pierre Alquier and
               James Ridgway and
               Nicolas Chopin},
  title     = {On the properties of variational approximations of Gibbs posteriors},
  journal   = {Journal of Machine Learning Research},
  year      = {2016},
}

@inproceedings{AmbroladzeHernandezTaylor2006,
  author    = {Amiran Ambroladze and
               Emilio Parrado{-}Hern{\'{a}}ndez and
               John Shawe{-}Taylor},
  title     = {Tighter PAC-Bayes Bounds},
  booktitle = {NIPS},
  year      = {2006},
}

@article{BartlettMendelson2002,
  author    = {Peter Bartlett and
               Shahar Mendelson},
  title     = {Rademacher and Gaussian Complexities: Risk Bounds and Structural Results},
  journal   = {Journal of Machine Learning Research},
  year      = {2002},
}

@article{BauvinCapponiRoyLaviolette2020,
  title     = {Fast greedy \emph{C}-bound minimization with guarantees},
  author    = {Baptiste Bauvin and
               C{\'{e}}cile Capponi and
               Jean{-}Francis Roy and
               Fran{\c{c}}ois Laviolette},
  journal   = {Machine Learning},
  year      = {2020},
}

@inproceedings{BeginGermainLavioletteRoy2014,
  author    = {Luc B{\'{e}}gin and
               Pascal Germain and
               Fran{\c{c}}ois Laviolette and
               Jean{-}Francis Roy},
  title     = {PAC-Bayesian Theory for Transductive Learning},
  booktitle = {AISTATS},
  year      = {2014},
}

@inproceedings{BeginGermainLavioletteRoy2016,
  author    = {Luc B{\'{e}}gin and
               Pascal Germain and
               Fran{\c{c}}ois Laviolette and
               Jean{-}Francis Roy},
  title     = {PAC-Bayesian Bounds based on the R{\'{e}}nyi Divergence},
  booktitle = {AISTATS},
  year      = {2016},
}

@article{BelletHabrardMorvantSebban2014,
  title     = {Learning A Priori Constrained Weighted Majority Votes},
  author    = {Aur{\'e}lien Bellet and Amaury Habrard and Emilie Morvant and Marc Sebban},
  journal   = {Machine Learning},
  year      = {2014},
}

@article{BenDavidBlitzerCrammerKuleszaPereiraVaughan2010,
  author    = {Shai Ben{-}David and
               John Blitzer and
               Koby Crammer and
               Alex Kulesza and
               Fernando Pereira and
               Jennifer Wortman Vaughan},
  title     = {A theory of learning from different domains},
  journal   = {Machine Learning},
  year      = {2010},
}

@article{Besag1994,
  author    = {Julian Besag},
  title     = {Comments on ``Representations of knowledge in complex systems'' by U. Grenander and MI Miller},
  journal   = {Journal of the Royal Statistical Society, Series B.},
  year      = {1994},
}

@inproceedings{BiggioCoronaMaiorcaNelsonSrndicLaskovGiacintoRoli2013,
  author    = {Battista Biggio and
               Igino Corona and
               Davide Maiorca and
               Blaine Nelson and
               Nedim Srndic and
               Pavel Laskov and
               Giorgio Giacinto and
               Fabio Roli},
  title     = {Evasion Attacks against Machine Learning at Test Time},
  booktitle = {ECML PKDD},
  year      = {2013},
}

@article{BiggsGuedj2021,
  author    = {Felix Biggs and
               Benjamin Guedj},
  title     = {Differentiable PAC-Bayes Objectives with Partially Aggregated Neural Networks},
  journal   = {Entropy},
  year      = {2021},
}

@inproceedings{BiggsGuedj2022,
  author    = {Felix Biggs and
               Benjamin Guedj},
  title     = {On Margins and Derandomisation in PAC-Bayes},
  booktitle = {AISTATS},
  year      = {2022},
}

@inproceedings{BiggsZantedeschiGuedj2022,
  author    = {Felix Biggs and
               Valentina Zantedeschi and
               Benjamin Guedj},
  title     = {On Margins and Generalisation for Voting Classifiers},
  booktitle = {NeurIPS},
  year      = {2020},
}

@book{Bishop2007,
  author    = {Christopher Bishop},
  title     = {Pattern recognition and machine learning (5th Edition)},
  series    = {Information science and statistics},
  publisher = {Springer},
  year      = {2007},
}

@inproceedings{BlanchardFleuret2007,
  author    = {Gilles Blanchard and
               Fran{\c{c}}ois Fleuret},
  title     = {Occam's Hammer},
  booktitle = {COLT},
  year      = {2007},
}

@article{BoikRobinsonCox1999,
  author    = {Robert Boik and
               James Robinson-Cox},
  title     = {Derivatives of the incomplete beta function},
  journal   = {Journal of Statistical Software},
  year      = {1999},
}

@inproceedings{BoserGuyonVapnik1992,
  title     = {A training algorithm for optimal margin classifiers},
  author    = {Bernhard Boser and Isabelle Guyon and Vladimir Vapnik},
  booktitle = {COLT},
  year      = {1992}
}

@book{BoucheronLugosiMassart2013,
  author    = {St{\'{e}}phane Boucheron and
               G{\'{a}}bor Lugosi and
               Pascal Massart},
  title     = {Concentration Inequalities - A Nonasymptotic Theory of Independence},
  publisher = {Oxford University Press},
  year      = {2013},
}

@article{BousquetElisseeff2002,
  author    = {Olivier Bousquet and
               Andr{\'{e}} Elisseeff},
  title     = {Stability and Generalization},
  journal   = {Journal of Machine Learning Research},
  year      = {2002},
}

@inproceedings{BousquetKlochkovZhivotovskiy2020,
  author    = {Olivier Bousquet and
               Yegor Klochkov and
               Nikita Zhivotovskiy},
  title     = {Sharper Bounds for Uniformly Stable Algorithms},
  booktitle = {COLT},
  year      = {2020},
}

@book{BoydVandenberghe2014,
  title     = {Convex Optimization},
  author    = {Stephen Boyd and
               Lieven Vandenberghe},
  publisher = {Cambridge University Press},
  year      = {2004}
}

@software{Bradbury2018,
  author    = {James Bradbury and 
               Roy Frostig and 
               Peter Hawkins and
               Matthew James Johnson and
               Chris Leary and
               Dougal Maclaurin and
               George Necula and
               Adam Paszke and
               Jake Vander{P}las and
               Skye Wanderman-{M}ilne and
               Qiao Zhang},
  title     = {JAX: composable transformations of Python+NumPy programs},
  year      = {2018},
}

@article{Breiman1996,
  author    = {Leo Breiman},
  title     = {Bagging Predictors},
  journal   = {Machine Learning},
  year      = {1996},
}

@article{Breiman2001,
  author    = {Leo Breiman},
  title     = {Random Forests},
  journal   = {Machine Learning},
  year      = {2001},
}

@book{BreimanFriedmanOlshenStone1984,
  author    = {Leo Breiman and
               Jerome Friedman and
               Richard Olshen and
               Charles Stone},
  title     = {Classification and Regression Trees},
  publisher = {Wadsworth},
  year      = {1984},
}

@article{Canonne2022,
  author    = {Cl{\'e}ment Canonne},
  title     = {A short note on an inequality between KL and TV},
  journal   = {CoRR},
  volume    = {abs/2202.07198},
  year      = {2022},
}

@inproceedings{CarliniWagner2017,
  author    = {Nicholas Carlini and
               David Wagner},
  title     = {Towards Evaluating the Robustness of Neural Networks},
  booktitle = {IEEE Symposium on Security and Privacy},
  year      = {2017},
}

@inproceedings{CarmonRaghunathanSchmidtDuchiLiang2019,
  author    = {Yair Carmon and
               Aditi Raghunathan and
               Ludwig Schmidt and
               John Duchi and
               Percy Liang},
  title     = {Unlabeled Data Improves Adversarial Robustness},
  booktitle = {NeurIPS},
  year      = {2019},
}

@book{Catoni2004,
  author    = {Olivier Catoni},
  title     = {Statistical learning theory and stochastic optimization: Ecole d'Et{\'e} de Probabilit{\'e}s de Saint-Flour, XXXI-2001},
  year      = {2004},
  publisher = {Springer Science \& Business Media},
}

@article{Catoni2007,
  author    = {Olivier Catoni},
  title     = {Pac-Bayesian Supervised Classification: The Thermodynamics of Statistical Learning},
  journal   = {CoRR},
  volume    = {abs/0712.0248},
  year      = {2007},
}

@article{Chernoff1952,
  author    = {Herman Chernoff},
  title     = {A measure of asymptotic efficiency for tests of a hypothesis based on the sum of observations},
  journal   = {The Annals of Mathematical Statistics},
  year      = {1952},
}

@article{Chiang1987,
  author    = {Tzuu-Shuh Chiang and
               Chii-Ruey Hwang and
               Shuenn Jyi Sheu},
  title     = {Diffusion for global optimization in $\Rbb^n$},
  journal   = {SIAM Journal on Control and Optimization},
  year      = {1987},
}

@article{ChibGreenberg1995,
  author    = {Siddhartha Chib and
               Edward Greenberg},
  title     = {Understanding the Metropolis-Hastings Algorithm},
  journal   = {The american statistician},
  year      = {1995},
}

@inproceedings{CohenRosenfeldZicoKolter2019,
  author    = {Jeremy Cohen and
               Elan Rosenfeld and
               Zico Kolter},
  title     = {Certified Adversarial Robustness via Randomized Smoothing},
  booktitle = {ICML},
  year      = {2019}
}

@inproceedings{CollobertKavukcuogluFarabet2011,
  author    = {Ronan Collobert and
               Koray Kavukcuoglu and 
               Cl{\'e}ment Farabet},
  title     = {Torch7: A matlab-like environment for machine learning},
  booktitle = {NIPS 2011 BigLearn Workshop}, 
  year      = {2011},
}

@book{Condorcet1785,
  author    = {Nicolas de Condorcet},
  title     = {Essai sur l’Application de l’Analyse à la Probabilité des Décisions Rendues à la Pluralité des Voix},
  publisher = {Imprimerie Royale},
  year      = {1785},
}

@article{CortesVapnik1995,
  title     = {Support-vector networks},
  author    = {Corinna Cortes and Vladimir Vapnik},
  journal   = {Machine Learning},
  year      = {1995},
}

@article{CoverHart1967,
  author    = {Thomas Cover and
               Peter Hart},
  title     = {Nearest neighbor pattern classification},
  journal   = {IEEE Transactions on Information Theory},
  year      = {1967},
}

@book{CoverThomas2006,
  author    = {Thomas Cover and
               Joy Thomas},
  title     = {Elements of Information Theory (2nd edition)},
  publisher = {Wiley},
  year      = {2006},
}

@article{Danskin1966,
  title     = {The Theory of Max-Min, with Applications},
  author    = {John Danskin},
  journal   = {SIAM Journal on Applied Mathematics},
  year      = {1966}
}

@inproceedings{DengZhangGhorbaniZou2021,
  author    = {Zhun Deng and
               Linjun Zhang and
               Amirata Ghorbani and
               James Zou},
  title     = {Improving Adversarial Robustness via Unlabeled Out-of-Domain Data},
  booktitle = {AISTATS},
  year      = {2021},
}

@article{DerbekoElYanivMeir2004,
  author    = {Philip Derbeko and
               Ran El{-}Yaniv and
               Ron Meir},
  title     = {Explicit Learning Curves for Transduction and Application to Clustering
               and Compression Algorithms},
  journal   = {Journal of Artificial Intelligence Research},
  year      = {2004},
}

@article{DiamondBoyd2016,
  title   = {CVXPY: A Python-embedded modeling language for convex optimization},
  author  = {Steven Diamond and Stephen Boyd},
  journal = {Journal of Machine Learning Research},
  year    = {2016},
}

@inproceedings{Dietterich2000,
  author    = {Thomas Dietterich},
  title     = {Ensemble methods in machine learning},
  booktitle = {International workshop on multiple classifier systems},
  year      = {2000},
}

@article{DonskerVaradhan1976,
  author  = {Monroe Donsker and
             Srinivasa Varadhan},
  title   = {Asymptotic evaluation of certain Markov process expectations for large time - III},
  journal = {Communications on pure and applied Mathematics},
  year    = {1976},
}

@misc{DuaGraff2017,
  author  = {Dheeru Dua and
             Casey Graff},
  title   = {UCI Machine Learning Repository},
  year    = {2017},
  url     = {http://archive.ics.uci.edu/ml},
}

@inproceedings{DziugaiteDrouinNealRajkumarCaballeroWangMitliagkasRoy2020,
  author    = {Gintare Karolina Dziugaite and
               Alexandre Drouin and
               Brady Neal and
               Nitarshan Rajkumar and
               Ethan Caballero and
               Linbo Wang and
               Ioannis Mitliagkas and
               Daniel M. Roy},
  title     = {In search of robust measures of generalization},
  booktitle = {NeurIPS},
  year      = {2020},
}

@inproceedings{DziugaiteHsuGharbiehArpinoRoy2021,
  author    = {Gintare Karolina Dziugaite and
               Kyle Hsu and
               Waseem Gharbieh and
               Gabriel Arpino and
               Daniel Roy},
  title     = {On the role of data in PAC-Bayes},
  booktitle = {AISTATS},
  year      = {2021},
}

@inproceedings{DziugaiteRoy2017,
  author    = {Gintare Karolina Dziugaite
               and Daniel Roy},
  title     = {Computing Nonvacuous Generalization Bounds for Deep (Stochastic) Neural Networks with Many More Parameters than Training Data},
  booktitle = {UAI},
  year      = {2017},
}

@inproceedings{DziugaiteRoy2018,
  author    = {Gintare Karolina Dziugaite and
               Daniel Roy},
  title     = {Data-dependent PAC-Bayes priors via differential privacy},
  booktitle = {NeurIPS},
  year      = {2018},
}

@article{ErvenHarremoes2014,
  author    = {Tim van Erven and
               Peter Harremo{\"{e}}s},
  title     = {R{\'{e}}nyi Divergence and Kullback-Leibler Divergence},
  journal   = {IEEE Transactions on Information Theory},
  year      = {2014},
}

@inproceedings{EspositoGastparIssa2020,
  author    = {Amedeo Roberto Esposito and
               Michael Gastpar and
               Ibrahim Issa},
  title     = {Robust Generalization via $\alpha$-Mutual Information},
  booktitle = {International Zurich Seminar on Information and Communication},
  year      = {2020},
}

@inproceedings{FarniaZhangTse2019,
  author    = {Farzan Farnia and
               Jesse Zhang and
               David Tse},
  title     = {Generalizable Adversarial Training via Spectral Normalization},
  booktitle = {ICLR},
  year      = {2019},
}

@inproceedings{FeldmanVondrak2018,
  author    = {Vitaly Feldman and
               Jan Vondr{\'{a}}k},
  title     = {Generalization Bounds for Uniformly Stable Algorithms},
  booktitle = {NeurIPS},
  year      = {2018},
}

@inproceedings{FeldmanVondrak2019,
  author    = {Vitaly Feldman and
               Jan Vondr{\'{a}}k},
  title     = {High probability generalization bounds for uniformly stable algorithms with nearly optimal rate},
  booktitle = {COLT},
  year      = {2019},
}

@inproceedings{FigurnovMohamedMnih2018,
  author    = {Mikhail Figurnov and
               Shakir Mohamed and
               Andriy Mnih},
  title     = {Implicit Reparameterization Gradients},
  booktitle = {NeurIPS},
  year      = {2018}
}

@inproceedings{Freund1998,
  author    = {Yoav Freund},
  title     = {Self Bounding Learning Algorithms},
  booktitle = {COLT},
  year      = {1998},
}

@inproceedings{FreundIyerSchapireSinger1998,
  author    = {Yoav Freund and
               Raj Iyer and
               Robert Schapire and
               Yoram Singer},
  title     = {An Efficient Boosting Algorithm for Combining Preferences},
  booktitle = {ICML},
  year      = {1998},
}

@article{FreundIyerSchapireSinger2003,
  author    = {Yoav Freund and
               Raj Iyer and
               Robert Schapire and
               Yoram Singer},
  title     = {An Efficient Boosting Algorithm for Combining Preferences},
  journal   = {Journal of Machine Learning Research},
  year      = {2003},
}

@inproceedings{FreundSchapire1996,
  author    = {Yoav Freund and
               Robert Schapire},
  title     = {Experiments with a New Boosting Algorithm},
  booktitle = {ICML},
  year      = {1996},
}

@article{Friedman2001,
  author    = {Jerome Friedman},
  title     = {Greedy function approximation: a gradient boosting machine},
  journal   = {Annals of Statistics},
  year      = {2001},
}

@article{FrostigJohnsonLeary2018,
  author    = {Roy Frostig and 
               Matthew James Johnson and
               Chris Leary},
  title     = {Compiling machine learning programs via high-level tracing},
  journal   = {Systems for Machine Learning},
  year      = {2018},
}

@article{GalantiWolfHazan2016,
  author    = {Tomer Galanti and
               Lior Wolf and
               Tamir Hazan},
  title     = {A theoretical framework for deep transfer learning},
  journal   = {Information and Inference: A Journal of the IMA},
  year      = {2016},
}

@inproceedings{GermainBachLacosteLacosteJulien2016,
  author    = {Pascal Germain and
               Francis Bach and
               Alexandre Lacoste and
               Simon Lacoste{-}Julien},
  title     = {PAC-Bayesian Theory Meets Bayesian Inference},
  booktitle = {NIPS},
  year      = {2016},
}

@article{GermainHabrardLavioletteMorvant2020,
  author    = {Pascal Germain and
               Amaury Habrard and
               Fran{\c{c}}ois Laviolette and
               Emilie Morvant},
  title     = {PAC-Bayes and domain adaptation},
  journal   = {Neurocomputing},
  year      = {2020},
}

@inproceedings{GermainLacasseLavioletteMarchand2009,
  author    = {Pascal Germain and
               Alexandre Lacasse and
               Fran{\c{c}}ois Laviolette and
               Mario Marchand},
  title     = {PAC-Bayesian Learning of Linear Classifiers},
  booktitle = {ICML},
  year      = {2009},
}

@article{GermainLacasseLavioletteMarchandRoy2015,
  author    = {Pascal Germain and
               Alexandre Lacasse and
               Fran{\c{c}}ois Laviolette and
               Mario Marchand and
               Jean{-}Francis Roy},
  title     = {Risk Bounds for the Majority Vote: From a PAC-Bayesian Analysis to a Learning Algorithm},
  journal   = {Journal of Machine Learning Research},
  year      = {2015},
}

@article{GilAlajajiLinder2013,
  author    = {Manuel Gil and 
               Fady Alajaji and
               Tamás Linder},
  title    = {Rényi divergence measures for commonly used univariate continuous distributions},
  journal  = {Information Sciences},
  year     = {2013},
}

@inproceedings{GlorotBengio2010,
  author    = {Xavier Glorot and
               Yoshua Bengio},
  title     = {Understanding the difficulty of training deep feedforward neural networks},
  booktitle = {AISTATS},
  year      = {2010},
}

@book{GoodfellowBengioCourville2016,
  author    = {Ian Goodfellow and
               Yoshua Bengio and
               Aaron Courville},
  title     = {Deep Learning},
  series    = {Adaptive computation and machine learning},
  publisher = {MIT Press},
  year      = {2016},
}

@inproceedings{GoodfellowShlensSzegedy2015,
  author    = {Ian Goodfellow and
               Jonathon Shlens and
               Christian Szegedy},
  title     = {Explaining and Harnessing Adversarial Examples},
  booktitle = {ICLR},
  year      = {2015},
}

@article{GraepelHerbrichShaweTaylor2005,
  author    = {Thore Graepel and
               Ralf Herbrich and
               John Shawe{-}Taylor},
  title     = {PAC-Bayesian Compression Bounds on the Prediction Error of Learning
               Algorithms for Classification},
  journal   = {Machine Learning},
  year      = {2005},
}

@inproceedings{GrantBoydYe2006,
  author    = {Michael Grant and
               Stephen Boyd and
               Yinyu Ye},
  title     = {Disciplined Convex Programming},
  booktitle = {Global optimization},
  year      = {2006},
}

@article{Guedj2019,
  author    = {Benjamin Guedj},
  title     = {A Primer on PAC-Bayesian Learning},
  journal   = {CoRR},
  volume    = {abs/1901.05353},
  year      = {2019},
}

@inproceedings{HeZhangRenSun2015,
  author    = {Kaiming He and
               Xiangyu Zhang and
               Shaoqing Ren and
               Jian Sun},
  title     = {Delving Deep into Rectifiers: Surpassing Human-Level Performance on ImageNet Classification},
  booktitle = {IEEE ICCV},
  year      = {2015},
}

@inproceedings{HeZhangRenSun2016,
  author    = {Kaiming He and
               Xiangyu Zhang and
               Shaoqing Ren and
               Jian Sun},
  title     = {Deep Residual Learning for Image Recognition},
  booktitle = {CVPR},
  year      = {2016},
}

@inproceedings{HendrycksDietterich2019,
  author    = {Dan Hendrycks and
               Thomas Dietterich},
  title     = {Benchmarking Neural Network Robustness to Common Corruptions and Perturbations},
  booktitle = {ICLR},
  year      = {2019},
}

@inproceedings{IbaLangley1992,
  author    = {Wayne Iba and
               Pat Langley},
  title     = {Induction of One-Level Decision Trees},
  booktitle = {Ninth International Workshop on Machine Learning},
  year      = {1992},
}

@inproceedings{JankowiakObermeyer2018,
  author    = {Martin Jankowiak and
               Fritz Obermeyer},
  title     = {Pathwise Derivatives Beyond the Reparameterization Trick},
  booktitle = {ICML},
  year      = {2018},
}

@inproceedings{JiangNeyshaburMobahiKrishnanBengio2020,
  author    = {Yiding Jiang and 
               Behnam Neyshabur and 
               Hossein Mobahi and 
               Dilip Krishnan and 
               Samy Bengio},
  title     = {Fantastic Generalization Measures and Where to Find Them},
  booktitle = {ICLR},
  year      = {2019},
}

@inproceedings{JiangNatekarSharma2021,
  author    = {Yiding Jiang and
               Parth Natekar and
               Manik Sharma and
               Sumukh K. Aithal and
               Dhruva Kashyap and
               Natarajan Subramanyam and
               Carlos Lassance and
               Daniel M. Roy and
               Gintare Karolina Dziugaite and
               Suriya Gunasekar and
               Isabelle Guyon and
               Pierre Foret and
               Scott Yak and
               Hossein Mobahi and
               Behnam Neyshabur and
               Samy Bengio},
  title     = {Methods and Analysis of The First Competition in Predicting Generalization of Deep Learning},
  booktitle = {NeurIPS 2020 Competition and Demonstration Track},
  year      = {2021},
}

@article{Kairouz2021,
  author    = {Peter Kairouz and
               H. Brendan McMahan and
               Brendan Avent and
               Aur{\'{e}}lien Bellet and
               Mehdi Bennis and
               Arjun Nitin Bhagoji and
               Kallista A. Bonawitz and
               Zachary Charles and
               Graham Cormode and
               Rachel Cummings and
               Rafael G. L. D'Oliveira and
               Hubert Eichner and
               Salim El Rouayheb and
               David Evans and
               Josh Gardner and
               Zachary Garrett and
               Adri{\`{a}} Gasc{\'{o}}n and
               Badih Ghazi and
               Phillip B. Gibbons and
               Marco Gruteser and
               Za{\"{\i}}d Harchaoui and
               Chaoyang He and
               Lie He and
               Zhouyuan Huo and
               Ben Hutchinson and
               Justin Hsu and
               Martin Jaggi and
               Tara Javidi and
               Gauri Joshi and
               Mikhail Khodak and
               Jakub Kone{\v{c}}n{\'y} and
               Aleksandra Korolova and
               Farinaz Koushanfar and
               Sanmi Koyejo and
               Tancr{\`{e}}de Lepoint and
               Yang Liu and
               Prateek Mittal and
               Mehryar Mohri and
               Richard Nock and
               Ayfer {\"{O}}zg{\"{u}}r and
               Rasmus Pagh and
               Hang Qi and
               Daniel Ramage and
               Ramesh Raskar and
               Mariana Raykova and
               Dawn Song and
               Weikang Song and
               Sebastian U. Stich and
               Ziteng Sun and
               Ananda Theertha Suresh and
               Florian Tram{\`{e}}r and
               Praneeth Vepakomma and
               Jianyu Wang and
               Li Xiong and
               Zheng Xu and
               Qiang Yang and
               Felix X. Yu and
               Han Yu and
               Sen Zhao},
  title     = {Advances and Open Problems in Federated Learning},
  journal   = {Foundations and Trends in Machine Learning},
  year      = {2021},
}

@inproceedings{KakadeSridharanTewari2008,
  author    = {Sham Kakade and
               Karthik Sridharan and
               Ambuj Tewari},
  title     = {On the Complexity of Linear Prediction: Risk Bounds, Margin Bounds, and Regularization},
  booktitle = {NIPS},
  year      = {2008},
}

@article{KawaguchiPackKaelblingBengio2017,
  author    = {Kenji Kawaguchi and
               Leslie Pack Kaelbling and
               Yoshua Bengio},
  title     = {Generalization in Deep Learning},
  journal   = {CoRR},
  volume    = {abs/1710.05468},
  year      = {2017},
}

@article{Kendall1938,
  author    = {Maurice Kendall},
  title     = {A new measure of rank correlation},
  journal   = {Biometrika},
  year      = {1938},
}

@article{KervadecDolzYuanDesrosiersGrangerAyed2019,
  author    = {Hoel Kervadec and
               Jose Dolz and
               Jing Yuan and
               Christian Desrosiers and
               Eric Granger and
               Ismail Ben Ayed},
  title     = {Constrained Deep Networks: Lagrangian Optimization via Log-Barrier Extensions},
  journal   = {CoRR},
  volume    = {abs/1904.04205},
  year      = {2019},
}

@article{KhimLoh2018,
  author    = {Justin Khim and
               Po{-}Ling Loh},
  title     = {Adversarial Risk Bounds for Binary Classification via Function Transformation},
  journal   = {CoRR},
  volume    = {abs/1810.09519},
  year      = {2018},
}

@inproceedings{KingmaBa2015,
  author    = {Diederik Kingma and
               Jimmy Ba},
  title     = {Adam: A Method for Stochastic Optimization},
  booktitle = {ICLR},
  year      = {2015},
}

@inproceedings{KontschiederFiterauCriminisiBulo2016,
  author    = {Peter Kontschieder and
               Madalina Fiterau and
               Antonio Criminisi and
               Samuel Rota Bul{\`{o}}},
  title     = {Deep Neural Decision Forests},
  booktitle = {IJCAI},
  year      = {2016},
}

@mastersthesis{Krizhevsky2009,
  author    = {Alex Krizhevsky},
  title     = {Learning Multiple Layers of Features from Tiny Images},
  school    = {University of Toronto},
  year      = {2009},
}

@inproceedings{KrizhevskySutskeverHinton2012,
  author    = {Alex Krizhevsky and
               Ilya Sutskever and
               Geoffrey Hinton},
  title     = {ImageNet Classification with Deep Convolutional Neural Networks},
  booktitle = {NIPS},
  year      = {2012},
}

@book{Kuncheva2014,
  title     = {Combining pattern classifiers: methods and algorithms},
  author    = {Ludmila Kuncheva},
  year      = {2014},
  publisher = {John Wiley \& Sons},
}

@inproceedings{KurakinGoodfellowBengio2017,
  author    = {Alexey Kurakin and
               Ian Goodfellow and
               Samy Bengio},
  title     = {Adversarial Machine Learning at Scale},
  booktitle = {ICLR},
  year      = {2017},
}

@phdthesis{Lacasse2010,
  author    = {Alexandre Lacasse},
  title     = {Bornes PAC-Bayes et algorithmes d'apprentissage},
  year      = {2010},
}

@inproceedings{LacasseLavioletteMarchandGermainUsunier2006,
  author    = {Alexandre Lacasse and
               Fran{\c{c}}ois Laviolette and
               Mario Marchand and
               Pascal Germain and
               Nicolas Usunier},
  title     = {PAC-Bayes Bounds for the Risk of the Majority Vote and the Variance of the Gibbs Classifier},
  booktitle = {NIPS},
  year      = {2006},
}

@inproceedings{LacasseLavioletteMarchandTurgeonBoutin2010,
  author    = {Alexandre Lacasse and
               Fran{\c{c}}ois Laviolette and
               Mario Marchand and
               Francis Turgeon{-}Boutin},
  title     = {Learning with Randomized Majority Votes},
  booktitle = {ECML PKDD},
  year      = {2010},
}

@article{Langford2005,
  author    = {John Langford},
  title     = {Tutorial on Practical Prediction Theory for Classification},
  journal   = {Journal of Machine Learning Research},
  year      = {2005},
}

@inproceedings{LangfordShaweTaylor2002,
  author    = {John Langford and
               John Shawe{-}Taylor},
  title     = {PAC-Bayes \& Margins},
  booktitle = {NIPS},
  year      = {2002},
}

@article{LavioletteMorvantRalaivolaRoy2017,
  author    = {Fran{\c{c}}ois Laviolette and
               Emilie Morvant and
               Liva Ralaivola and
               Jean{-}Francis Roy},
  title     = {Risk upper bounds for general ensemble methods with an application to multiclass classification},
  journal   = {Neurocomputing},
  year      = {2017},
}

@misc{LeCunCortesBurges1998,
  author    = {Yann LeCun and
               Corinna Cortes and
               Christopher Burges},
  title     = {THE MNIST DATASET of handwritten digits},
  url       = {http://yann.lecun.com/exdb/mnist/},
  year      = {1998},
}

@inproceedings{LetarteGermainGuedjLaviolette2019,
  author    = {Ga{\"{e}}l Letarte and
               Pascal Germain and
               Benjamin Guedj and
               Fran{\c{c}}ois Laviolette},
  title     = {Dichotomize and Generalize: PAC-Bayesian Binary Activated Deep Neural Networks},
  booktitle = {NeurIPS},
  year      = {2019},
}

@article{LeverLavioletteShaweTaylor2013,
  author    = {Guy Lever and
               Fran{\c{c}}ois Laviolette and
               John Shawe{-}Taylor},
  title     = {Tighter PAC-Bayes bounds through distribution-dependent priors},
  journal   = {Theoretical Computer Science},
  year      = {2013},
}

@article{LinChenYan2013,
  title     = {Network in network},
  author    = {Min Lin and Qiang Chen and Shuicheng Yan},
  journal   = {CoRR},
  volume    = {abs/1312.4400},
  year      = {2013},
}

@inproceedings{London2017,
  author    = {Ben London},
  title     = {A PAC-Bayesian Analysis of Randomized Learning with Application to Stochastic Gradient Descent},
  booktitle = {NIPS},
  year      = {2017},
}

@article{LorenzenIgelSeldin2019,
  author    = {Stephan Sloth Lorenzen and
               Christian Igel and
               Yevgeny Seldin},
  title     = {On PAC-Bayesian bounds for random forests},
  journal   = {Machine Learning},
  year      = {2019},
}

@inproceedings{MadryMakelovSchmidtTsiprasVladu2018,
  author    = {Aleksander Madry and
               Aleksandar Makelov and
               Ludwig Schmidt and
               Dimitris Tsipras and
               Adrian Vladu},
  title     = {Towards Deep Learning Models Resistant to Adversarial Attacks},
  booktitle = {ICLR},
  year      = {2018},
}

@inproceedings{MasegosaLorenzenIgelSeldin2020,
  author    = {Andr{\'{e}}s Masegosa and
               Stephan Sloth Lorenzen and
               Christian Igel and
               Yevgeny Seldin},
  title     = {Second Order PAC-Bayesian Bounds for the Weighted Majority Vote},
  booktitle = {NeurIPS},
  year      = {2020},
}

@article{Maurer2004,
  author    = {Andreas Maurer},
  title     = {A Note on the PAC Bayesian Theorem},
  journal   = {CoRR},
  volume    = {cs.LG/0411099},
  year      = {2004},
}

@inproceedings{McAllester1998,
  author    = {David McAllester},
  title     = {Some PAC-Bayesian Theorems},
  booktitle = {COLT},
  year      = {1998},
}

@article{McAllester1999,
  author    = {David McAllester},
  title     = {Some PAC-Bayesian Theorems},
  journal   = {Machine Learning},
  year      = {1999},
}

@article{McAllester2003,
  author    = {David McAllester},
  title     = {PAC-Bayesian Stochastic Model Selection},
  journal   = {Machine Learning},
  year      = {2003},
}

@article{McCullochPitts1943,
  author = {Warren McCulloch and
            Walter Pitts},
  title  = {A Logical Calculus of Ideas Immanent in Nervous Activity},
  journal = {Bulletin of Mathematical Biophysics},
  year    = {1943},
}

@article{McDiarmid1989,
  author    = {Colin McDiarmid},
  title     = {On the method of bounded differences},
  journal   = {Surveys in Combinatorics},
  year      = {1989},
}

@inproceedings{McMahanMooreRamageHampsonArcas2017,
  author    = {Brendan McMahan and
               Eider Moore and
               Daniel Ramage and
               Seth Hampson and
               Blaise Ag{\"{u}}era y Arcas},
  title     = {Communication-Efficient Learning of Deep Networks from Decentralized Data},
  booktitle = {AISTATS},
  year      = {2017},
}

@inproceedings{McNamaraBalcan2017,
  author    = {Daniel McNamara and
               Maria{-}Florina Balcan},
  title     = {Risk Bounds for Transferring Representations With and Without Fine-Tuning},
  booktitle = {ICML},
  year      = {2017},
}

@inproceedings{MhammediGrunwaldGuedj2019,
  author    = {Zakaria Mhammedi and
               Peter Gr{\"{u}}nwald and
               Benjamin Guedj},
  title     = {PAC-Bayes Un-Expected Bernstein Inequality},
  booktitle = {NeurIPS},
  year      = {2019}
}

@book{MinskyPapert1972,
  author    = {Marvin Minsky and
               Seymour Papert},
  title     = {Perceptrons: an introduction to computational geometry},
  publisher = {The MIT Press},
  year      = {1972},
}

@book{MohriRostamizadehTalwalkar2012,
  author    = {Mehryar Mohri and
               Afshin Rostamizadeh and
               Ameet Talwalkar},
  title     = {Foundations of Machine Learning},
  series    = {Adaptive computation and machine learning},
  publisher = {MIT Press},
  year      = {2012},
}

@inproceedings{MontasserHannekeSrebro2020,
  author    = {Omar Montasser and
               Steve Hanneke and
               Nathan Srebro},
  title     = {Reducing Adversarially Robust Learning to Non-Robust {PAC} Learning},
  booktitle = {NeurIPS},
  year      = {2020},
}

@inproceedings{MontasserHannekeSrebro2019,
  author    = {Omar Montasser and
               Steve Hanneke and
               Nathan Srebro},
  title     = {VC Classes are Adversarially Robustly Learnable, but Only Improperly},
  booktitle = {COLT},
  year      = {2019},
}

@inproceedings{NagarajanKolter2019b,
  author    = {Vaishnavh Nagarajan and
               Zico Kolter},
  title     = {Deterministic PAC-Bayesian generalization bounds for deep networks
               via generalizing noise-resilience},
  booktitle = {ICLR},
  year      = {2019},
}

@inproceedings{NagarajanKolter2019,
  author    = {Vaishnavh Nagarajan and
               Zico Kolter},
  title     = {Uniform convergence may be unable to explain generalization in deep learning},
  booktitle = {NeurIPS},
  year      = {2019},
}

@article{Nesterov2005,
  author    = {Yurii Nesterov},
  title     = {Smooth minimization of non-smooth functions},
  journal   = {Mathematical Programming},
  year      = {2005}
}

@inproceedings{NeyshaburBhojanapalliSrebro2018,
  author    = {Behnam Neyshabur and
               Srinadh Bhojanapalli and
               Nathan Srebro},
  title     = {A PAC-Bayesian Approach to Spectrally-Normalized Margin Bounds for Neural Networks},
  booktitle = {ICLR},
  year      = {2018},
}

@inproceedings{OhnishiHonorio2021,
  author    = {Yuki Ohnishi and
               Jean Honorio},
  title     = {Novel Change of Measure Inequalities with Applications to PAC-Bayesian Bounds and Monte Carlo Estimation},
  booktitle = {AISTATS},
  year      = {2021},
}

@inproceedings{OrabonaTommasi2017,
  author    = {Francesco Orabona and
               Tatiana Tommasi},
  title     = {Training Deep Networks without Learning Rates Through Coin Betting},
  booktitle = {NIPS},
  year      = {2017}
}

@inproceedings{PapernotMcDanielJhaFredriksonBerkayCelikSwami2016,
  author    = {Nicolas Papernot and
               Patrick McDaniel and
               Somesh Jha and
               Matt Fredrikson and
               Z. Berkay Celik and
               Ananthram Swami},
  title     = {The Limitations of Deep Learning in Adversarial Settings},
  booktitle = {IEEE EuroS\&P},
  year      = {2016},
}

@article{ParradoHernandezAmbroladzeShaweTaylorSun2012,
  author    = {Emilio Parrado{-}Hern{\'{a}}ndez and
               Amiran Ambroladze and
               John Shawe{-}Taylor and
               Shiliang Sun},
  title     = {PAC-Bayes Bounds with Data Dependent Priors},
  journal   = {Journal of Machine Learning Research},
  year      = {2012},
}

@inproceedings{Paszke2019,
  author    = {Adam Paszke and
               Sam Gross and
               Francisco Massa and
               Adam Lerer and
               James Bradbury and
               Gregory Chanan and
               Trevor Killeen and
               Zeming Lin and
               Natalia Gimelshein and
               Luca Antiga and
               Alban Desmaison and
               Andreas K{\"{o}}pf and
               Edward Z. Yang and
               Zachary DeVito and
               Martin Raison and
               Alykhan Tejani and
               Sasank Chilamkurthy and
               Benoit Steiner and
               Lu Fang and
               Junjie Bai and
               Soumith Chintala},
  title     = {PyTorch: An Imperative Style, High-Performance Deep Learning Library},
  booktitle = {NeurIPS},
  year      = {2019},
}

@article{Pedregosa2011,
  author    = {Fabian Pedregosa and
               Ga{\"{e}}l Varoquaux and
               Alexandre Gramfort and
               Vincent Michel and
               Bertrand Thirion and
               Olivier Grisel and
               Mathieu Blondel and
               Peter Prettenhofer and
               Ron Weiss and
               Vincent Dubourg and
               Jake VanderPlas and
               Alexandre Passos and
               David Cournapeau and
               Matthieu Brucher and
               Matthieu Perrot and
               Edouard Duchesnay},
  title     = {Scikit-learn: Machine Learning in Python},
  journal   = {Journal of Machine Learning Research},
  year      = {2011},
}

@inproceedings{PentinaLampert2014,
  author    = {Anastasia Pentina and
               Christoph H. Lampert},
  title     = {A PAC-Bayesian bound for Lifelong Learning},
  booktitle = {ICML},
  year      = {2014},
}

@article{PerezOrtizRivasplataShaweTaylorSzepesvari2021,
  author    = {Mar{\'{i}}a P{\'{e}}rez{-}Ortiz and
               Omar Rivasplata and
               John Shawe{-}Taylor and
               Csaba Szepesv{\'{a}}ri},
  title     = {Tighter Risk Certificates for Neural Networks},
  journal   = {Journal of Machine Learning Research},
  year      = {2021},
}

@inproceedings{PinotMeunierAraujoKashimaYgerGouyPaillerAtif2019,
  author    = {Rafael Pinot and
               Laurent Meunier and
               Alexandre Araujo and
               Hisashi Kashima and
               Florian Yger and
               C{\'{e}}dric Gouy{-}Pailler and
               Jamal Atif},
  title     = {Theoretical evidence for adversarial robustness through randomization},
  booktitle = {NeurIPS},
  year      = {2019},
}

@article{PinotMeunierYgerGouyPaillerChevaleyreAtif2022,
  author    = {Rafael Pinot and
               Laurent Meunier and
               Florian Yger and
               C{\'{e}}dric Gouy{-}Pailler and
               Yann Chevaleyre and
               Jamal Atif},
  title     = {On the robustness of randomized classifiers to adversarial examples},
  journal   = {Machine Learning},
  year      = {2022},
}

@article{Quinlan1986,
  author    = {Ross Quinlan},
  title     = {Induction of Decision Trees},
  journal   = {Machine Learning},
  year      = {1986},
}

@book{Quinlan1993,
  author    = {Ross Quinlan},
  title     = {C4.5: Programs for Machine Learning},
  publisher = {Morgan Kaufmann},
  year      = {1993},
}

@inproceedings{RaginskyRakhlinTelgarsky2017,
  author    = {Maxim Raginsky and
               Alexander Rakhlin and
               Matus Telgarsky},
  title     = {Non-convex learning via Stochastic Gradient Langevin Dynamics: a nonasymptotic
               analysis},
  booktitle = {COLT},
  year      = {2017},
}

@article{RalaivolaSzafranskiStempfel2010,
  author    = {Liva Ralaivola and
               Marie Szafranski and
               Guillaume Stempfel},
  title     = {Chromatic PAC-Bayes Bounds for Non-IID Data: Applications to Ranking and Stationary $\beta$-Mixing Processes},
  journal   = {Journal of Machine Learning Research},
  year      = {2010},
}

@book{RedkoMorvantHabrardSebbanBennani2019,
  author    = {Ievgen Redko and
               Emilie Morvant and
               Amaury Habrard and
               Marc Sebban and
               Youn{\`{e}}s Bennani},
  title     = {Advances in Domain Adaptation Theory},
  publisher = {Elsevier},
  year      = {2019},
}

@article{RedkoMorvantHabrardSebbanBennani2020,
  author    = {Ievgen Redko and
               Emilie Morvant and
               Amaury Habrard and
               Marc Sebban and
               Youn{\`{e}}s Bennani},
  title     = {A survey on domain adaptation theory},
  journal   = {CoRR},
  volume    = {abs/2004.11829},
  year      = {2020},
}

@inproceedings{ReebDoerrGerwinnRakitsch2018,
  author    = {David Reeb and
               Andreas Doerr and
               Sebastian Gerwinn and
               Barbara Rakitsch},
  title     = {Learning Gaussian Processes by Minimizing PAC-Bayesian Generalization
               Bounds},
  booktitle = {NeurIPS},
  year      = {2018},
}

@article{RenZhengQinLiu2020,
  author    = {Kui Ren and
               Tianhang Zheng and
               Xue Liu},
  title     = {Adversarial Attacks and Defenses in Deep Learning},
  journal   = {Engineering},
  year      = {2020},
}

@article{AlRfou2016,
  author    = {Rami Al{-}Rfou and
               Guillaume Alain and
               Amjad Almahairi and
               Christof Angerm{\"{u}}ller and
               Dzmitry Bahdanau and
               Nicolas Ballas and
               Fr{\'{e}}d{\'{e}}ric Bastien and
               Justin Bayer and
               Anatoly Belikov and
               Alexander Belopolsky and
               Yoshua Bengio and
               Arnaud Bergeron and
               James Bergstra and
               Valentin Bisson and
               Josh Bleecher Snyder and
               Nicolas Bouchard and
               Nicolas Boulanger{-}Lewandowski and
               Xavier Bouthillier and
               Alexandre de Br{\'{e}}bisson and
               Olivier Breuleux and
               Pierre Luc Carrier and
               Kyunghyun Cho and
               Jan Chorowski and
               Paul F. Christiano and
               Tim Cooijmans and
               Marc{-}Alexandre C{\^{o}}t{\'{e}} and
               Myriam C{\^{o}}t{\'{e}} and
               Aaron C. Courville and
               Yann N. Dauphin and
               Olivier Delalleau and
               Julien Demouth and
               Guillaume Desjardins and
               Sander Dieleman and
               Laurent Dinh and
               Melanie Ducoffe and
               Vincent Dumoulin and
               Samira Ebrahimi Kahou and
               Dumitru Erhan and
               Ziye Fan and
               Orhan Firat and
               Mathieu Germain and
               Xavier Glorot and
               Ian J. Goodfellow and
               Matthew Graham and
               {\c{C}}aglar G{\"{u}}l{\c{c}}ehre and
               Philippe Hamel and
               Iban Harlouchet and
               Jean{-}Philippe Heng and
               Bal{\'{a}}zs Hidasi and
               Sina Honari and
               Arjun Jain and
               S{\'{e}}bastien Jean and
               Kai Jia and
               Mikhail Korobov and
               Vivek Kulkarni and
               Alex Lamb and
               Pascal Lamblin and
               Eric Larsen and
               C{\'{e}}sar Laurent and
               Sean Lee and
               Simon Lefran{\c{c}}ois and
               Simon Lemieux and
               Nicholas L{\'{e}}onard and
               Zhouhan Lin and
               Jesse A. Livezey and
               Cory Lorenz and
               Jeremiah Lowin and
               Qianli Ma and
               Pierre{-}Antoine Manzagol and
               Olivier Mastropietro and
               Robert McGibbon and
               Roland Memisevic and
               Bart van Merri{\"{e}}nboer and
               Vincent Michalski and
               Mehdi Mirza and
               Alberto Orlandi and
               Christopher Joseph Pal and
               Razvan Pascanu and
               Mohammad Pezeshki and
               Colin Raffel and
               Daniel Renshaw and
               Matthew Rocklin and
               Adriana Romero and
               Markus Roth and
               Peter Sadowski and
               John Salvatier and
               Fran{\c{c}}ois Savard and
               Jan Schl{\"{u}}ter and
               John Schulman and
               Gabriel Schwartz and
               Iulian Vlad Serban and
               Dmitriy Serdyuk and
               Samira Shabanian and
               {\'{E}}tienne Simon and
               Sigurd Spieckermann and
               S. Ramana Subramanyam and
               Jakub Sygnowski and
               J{\'{e}}r{\'{e}}mie Tanguay and
               Gijs van Tulder and
               Joseph P. Turian and
               Sebastian Urban and
               Pascal Vincent and
               Francesco Visin and
               Harm de Vries and
               David Warde{-}Farley and
               Dustin J. Webb and
               Matthew Willson and
               Kelvin Xu and
               Lijun Xue and
               Li Yao and
               Saizheng Zhang and
               Ying Zhang},
  title     = {Theano: A Python framework for fast computation of mathematical expressions},
  journal   = {CoRR},
  volume    = {abs/1605.02688},
  year      = {2016},
}

@inproceedings{RivasplataKuzborskijSzepesvariShaweTaylor2020,
  author    = {Omar Rivasplata and
               Ilja Kuzborskij and
               Csaba Szepesv{\'{a}}ri and
               John Shawe{-}Taylor},
  title     = {PAC-Bayes Analysis Beyond the Usual Bounds},
  booktitle = {Advances in Neural Information Processing System (NeurIPS)},
  year      = {2020},
}

@article{Rosenblatt1958,
  author    = {Frank Rosenblatt},
  title     = {The perceptron: A probabilistic model for information storage and organization in the brain.},
  journal   = {Psychological Review},
  year      = {1958},
}

@inproceedings{RoyLavioletteMarchand2011,
  author    = {Jean{-}Francis Roy and
               Fran{\c{c}}ois Laviolette and
               Mario Marchand},
  title     = {From PAC-Bayes Bounds to Quadratic Programs for Majority Votes},
  booktitle = {ICML},
  year      = {2011},
}

@inproceedings{RoyMarchandLaviolette2016,
  author    = {Jean{-}Francis Roy and
               Mario Marchand and
               Fran{\c{c}}ois Laviolette},
  title     = {A Column Generation Bound Minimization Approach with PAC-Bayesian Generalization Guarantees},
  booktitle = {AISTATS},
  year      = {2016},
}

@book{RussellNorvig2020,
  author    = {Stuart Russell and
               Peter Norvig},
  title     = {Artificial Intelligence: A Modern Approach (4th Edition)},
  publisher = {Pearson},
  year      = {2020},
}

@inproceedings{SalmanLiRazenshteynZhangZhangBubeckYang2019,
  author    = {Hadi Salman and
               Jerry Li and
               Ilya Razenshteyn and
               Pengchuan Zhang and
               Huan Zhang and
               S{\'{e}}bastien Bubeck and
               Greg Yang},
  title     = {Provably Robust Deep Learning via Adversarially Trained Smoothed Classifiers},
  booktitle = {NeurIPS},
  year      = {2019},
}

@article{SchapireFreundBarlettLee1998,
  author    = {Robert Schapire and
               Yoav Freund and
               Peter Barlett and
               Wee Sun Lee},
  title     = {Boosting the margin: A new explanation for the effectiveness of
               voting methods},
  journal   = {The annals of statistics},
  year      = {1998},
}

@inproceedings{SchapireSinger1998,
  author    = {Robert Schapire and
               Yoram Singer},
  title     = {Improved Boosting Algorithms using Confidence-Rated Predictions},
  booktitle = {COLT},
  year      = {1998},
}

@article{SchapireSinger1999,
  author    = {Robert Schapire and
               Yoram Singer},
  title     = {Improved Boosting Algorithms Using Confidence-rated Predictions},
  journal   = {Machine Learning},
  year      = {1999},
}

@article{SchapireSinger2000,
  author    = {Robert Schapire and
               Yoram Singer},
  title     = {BoosTexter: A Boosting-based System for Text Categorization},
  journal   = {Machine Learning},
  year      = {2000},
}

@book{ScheinermanUllman2011,
  author    = {Edward Scheinerman and 
               Daniel Ullman},
  title     = {Fractional Graph Theory: A Rational Approach to the Theory of Graphs},
  year      = {2011},
  publisher = {Courier Corporation},
}

@article{Seeger2002,
  author    = {Matthias Seeger},
  title     = {PAC-Bayesian Generalisation Error Bounds for Gaussian Process Classification},
  journal   = {Journal of Machine Learning Research},
  year      = {2002},
}

@inproceedings{ShalaevaEsfahaniGermainPetreczky2020,
  author    = {Vera Shalaeva and
               Alireza Fakhrizadeh Esfahani and
               Pascal Germain and
               Mih{\'{a}}ly Petreczky},
  title     = {Improved PAC-Bayesian Bounds for Linear Regression},
  booktitle = {AAAI},
  year      = {2020},
}

@book{ShalevShwartzBenDavid2014,
  author    = {Shai Shalev{-}Shwartz and
               Shai Ben{-}David},
  title     = {Understanding Machine Learning - From Theory to Algorithms},
  publisher = {Cambridge University Press},
  year      = {2014},
}

@article{ShwartzZivTishby2017,
  author    = {Ravid Shwartz{-}Ziv and
               Naftali Tishby},
  title     = {Opening the Black Box of Deep Neural Networks via Information},
  journal   = {CoRR},
  volume    = {abs/1703.00810},
  year      = {2017},
}

@inproceedings{ShaweTaylorWilliamson1997,
  author    = {John Shawe{-}Taylor and
               Robert Williamson},
  title     = {A PAC Analysis of a Bayesian Estimator},
  booktitle = {COLT},
  year      = {1997},
}

@article{SmithRoberts1993,
  author    = {Adrian Smith and
               Gareth Roberts},
  title     = {Bayesian computation via the Gibbs sampler and related Markov chain Monte Carlo methods},
  journal   = {Journal of the Royal Statistical Society, Series B (Methodological)},
  year      = {1993},
}

@inproceedings{SpringenbergDosovitskiyBroxRiedmiller2014,
  author    = {Jost Tobias Springenberg and
               Alexey Dosovitskiy and
               Thomas Brox and
               Martin Riedmiller},
  title     = {Striving for Simplicity: The All Convolutional Net},
  booktitle = {ICLR},
  year      = {2015},
}

@inproceedings{SzegedyZarembaSutskeverBrunaErhanGoodfellowFergus2014,
  author    = {Christian Szegedy and
               Wojciech Zaremba and
               Ilya Sutskever and
               Joan Bruna and
               Dumitru Erhan and
               Ian Goodfellow and
               Rob Fergus},
  title     = {Intriguing properties of neural networks},
  booktitle = {ICLR},
  year      = {2014},
}

@inproceedings{ThiemannIgelWintenbergerSeldin2017,
  author    = {Niklas Thiemann and
               Christian Igel and
               Olivier Wintenberger and
               Yevgeny Seldin},
  title     = {A Strongly Quasiconvex PAC-Bayesian Bound},
  booktitle = {ALT},
  year      = {2017},
}

@article{TishbyPereiraBialek2000,
  author    = {Naftali Tishby and
               Fernando Pereira and
               William Bialek},
  title     = {The information bottleneck method},
  journal   = {CoRR},
  volume    = {physics/0004057},
  year      = {2000},
}

@book{VaartWellner1996,
  author    = {Aad van der Vaart and
               Jon Wellner},
  title     = {Weak convergence and empirical processes},
  series    = {Springer series in statistics},
  publisher = {Springer},
  year      = {1996},
}

@article{Valiant1984,
  author    = {Leslie Valiant},
  title     = {A Theory of the Learnable},
  journal   = {Communications of the ACM},
  year      = {1984},
}

@book{Vapnik1998,
  author    = {Vladimir Vapnik},
  title     = {Statistical Learning Theory},
  series    = {A Wiley-Interscience publication},
  publisher = {Wiley},
  year      = {1998},
}

@inproceedings{VapnikChervonenkis1968,
  author    = {Vladimir Vapnik and
               Alexey Chervonenkis},
  title     = {On the Uniform Convergence of Relative Frequencies of Events to Their Probabilities},
  booktitle = {Doklady Akademii Nauk USSR},
  year      = {1968},
}

@article{VapnikChervonenkis1971,
  author    = {Vladimir Vapnik and
               Alexey Chervonenkis},
  title     = {On the Uniform Convergence of Relative Frequencies of Events to Their Probabilities},
  journal   = {Theory of Probability and its Applications},
  year      = {1971},
}

@book{VapnikChervonenkis1974,
  author    = {Vladimir Vapnik and
               Alexey Chervonenkis},
  title     = {Theory of Pattern Recognition},
  publisher = {Nauka, Moscow},
  year      = {1974},
}

@book{Vapnik2000,
  author    = {Vladimir Vapnik},
  title     = {The Nature of Statistical Learning Theory},
  publisher = {Springer},
  year      = {2000},
}

@inproceedings{Verdu2015,
  author    = {Sergio Verd{\'{u}}},
  title     = {\(\alpha\)-mutual information},
  booktitle = {Information Theory and Applications Workshop},
  year      = {2015},
}

@inproceedings{WellingTeh2011,
  author    = {Max Welling and
               Yee Whye Teh},
  title     = {Bayesian Learning via Stochastic Gradient Langevin Dynamics},
  booktitle = {ICML},
  year      = {2011},
}

@misc{Wu2020,
  author    = {Yihong Wu},
  title     = {Lecture notes on: Information-theoretic methods for high-dimensional statistics},
  year      = {2020},
}

@article{XiaoRasulVollgraf2017,
  author    = {Han Xiao and
               Kashif Rasul and
               Roland Vollgraf},
  title     = {Fashion-MNIST: a Novel Image Dataset for Benchmarking Machine Learning
               Algorithms},
  journal   = {CoRR},
  volume    = {abs/1708.07747},
  year      = {2017},
}

@inproceedings{XuRaginsky2017,
  author    = {Aolin Xu and
               Maxim Raginsky},
  title     = {Information-theoretic analysis of generalization capability of learning algorithms},
  booktitle = {NIPS},
  year      = {2017},
}

@inproceedings{XuMannor2010,
  author    = {Huan Xu and
               Shie Mannor},
  title     = {Robustness and Generalization},
  booktitle = {COLT},
  year      = {2010},
}

@article{XuMannor2012,
  author    = {Huan Xu and
               Shie Mannor},
  title     = {Robustness and generalization},
  journal   = {Machine Learning},
  year      = {2012},
}

@inproceedings{YinRamchandranBartlett2019,
  author    = {Dong Yin and
               Kannan Ramchandran and
               Peter Bartlett},
  title     = {Rademacher Complexity for Adversarially Robust Generalization},
  booktitle = {ICML},
  year      = {2019},
}

@article{Younsi2012,
  author    = {Malik Younsi},
  title     = {Proof of a Combinatorial Conjecture Coming from the PAC-Bayesian Machine Learning Theory},
  journal   = {CoRR},
  volume    = {abs/1209.0824},
  year      = {2012},
}

@article{YounsiLacasse2020,
  author    = {Malik Younsi and
               Alexandre Lacasse},
  title     = {A combinatorial conjecture from PAC-Bayesian machine learning},
  journal   = {CoRR},
  volume    = {abs/2006.01387},
  year      = {2020},
}

@inproceedings{ZantedeschiNicolaeRawat2017,
  author    = {Valentina Zantedeschi and
               Maria{-}Irina Nicolae and
               Ambrish Rawat},
  title     = {Efficient Defenses Against Adversarial Attacks},
  booktitle = {ACM Workshop on Artificial Intelligence and Security, AISec@CCS},
  year      = {2017},
}


@inproceedings{ZhouVeitchAusternAdamsOrbanz2019,
  author    = {Wenda Zhou and
               Victor Veitch and
               Morgane Austern and
               Ryan Adams and
               Peter Orbanz},
  title     = {Non-vacuous Generalization Bounds at the ImageNet Scale: a PAC-Bayesian Compression Approach},
  booktitle = {ICLR},
  year      = {2019},
}

@article{ZhuZouRossetHastie2009,
  author    = {Ji Zhu and Hui Zou and Saharon Rosset and Trevor Hastie},
  title     = {Multi-class AdaBoost},
  journal   = {Statistics and its Interface},
  year      = {2009},
}