@inproceedings{ViallardGermainHabrardMorvant2019,
  author    = {Paul Viallard and
               Pascal Germain and
               Amaury Habrard and
               Emilie Morvant},
  title     = {{Interpreting Neural Networks as Majority Votes through the PAC-Bayesian Theory}}, 
  booktitle = {{NeurIPS 2019 Workshop on Machine Learning with Guarantees}},
  year      = {2019},
  keywords  = {workshop},
}

%%%%%%%%%%%%%%%%%%%%%%%%%%%%%%%%%%%%%%%%%%%%%%%%%%%%%%%%%%%%%%%%%%%%%%%%%%%%%%%%%%%%%%%%%%%%%%%%%%%

@inproceedings{ViallardGermainHabrardMorvant2021,
  author    = {Paul Viallard and
               Pascal Germain and
               Amaury Habrard and
               Emilie Morvant},
  title     = {{Self-bounding Majority Vote Learning Algorithms by the Direct Minimization of a Tight PAC-Bayesian C-Bound}},
  booktitle = {{Machine Learning and Knowledge Discovery in Databases (ECML PKDD)}},
  year      = {2021},
  keywords  = {conference},
}

@inproceedings{ViallardVidotHabrardMorvant2021,
  author    = {Paul Viallard and
               Guillaume Vidot and
               Amaury Habrard and
               Emilie Morvant},
  title     = {{A PAC-Bayes Analysis of Adversarial Robustness}},
  booktitle = {Advances in Neural Information Processing Systems (NeurIPS)},
  year      = {2021},
  keywords  = {conference},
}

@inproceedings{ZantedeschiViallardMorvantEmonetHabrardGermainGuedj2021,
  author    = {Valentina Zantedeschi and
               Paul Viallard and
               Emilie Morvant and
               R{\'{e}}mi Emonet and
               Amaury Habrard and
               Pascal Germain and
               Benjamin Guedj},
  title     = {{Learning Stochastic Majority Votes by Minimizing a PAC-Bayes Generalization Bound}},
  booktitle = {Advances in Neural Information Processing Systems (NeurIPS)},
  year      = {2021},
  keywords  = {conference},
}

%%%%%%%%%%%%%%%%%%%%%%%%%%%%%%%%%%%%%%%%%%%%%%%%%%%%%%%%%%%%%%%%%%%%%%%%%%%%%%%%%%%%%%%%%%%%%%%%%%%

@inproceedings{ViallardEmonetHabrardMorvantGermain2019,
  author    = {Paul Viallard and
               Rémi Emonet and
               Amaury Habrard and
               Emilie Morvant and
               Pascal Germain},
  title     = {Théorie PAC-Bayésienne pour l’apprentissage en deux étapes de réseaux de neurones},
  booktitle = {Conférence sur l'Apprentissage automatique (CAp)},
  year      = {2020},
  keywords  = {nat-conference},
}

@inproceedings{ViallardGermainMorvant2021a,
  author    = {Paul Viallard and
               Pascal Germain and
               Emilie Morvant},
  title     = {{Apprentissage de Vote de Majorité par Minimisation d'une C-Borne PAC-Bayésienne}},
  booktitle = {Conférence sur l'Apprentissage automatique (CAp)},
  year      = {2021},
  keywords  = {nat-conference},
}

@inproceedings{ViallardGermainMorvant2021b,
  author    = {Paul Viallard and
               Pascal Germain and
               Emilie Morvant},
  title     = {{Dérandomisation des Bornes PAC-Bayésiennes}},
  booktitle = {Conférence sur l'Apprentissage automatique (CAp)},
  year      = {2021},
  keywords  = {nat-conference},
}

@inproceedings{VidotViallardMorvant2021,
  author    = {Guillaume Vidot and 
               Paul Viallard and
               Emilie Morvant},
  title     = {{Une Analyse PAC-Bayésienne de la Robustesse Adversariale}},
  booktitle = {Conférence sur l'Apprentissage automatique (CAp)},
  year      = {2021},
  keywords  = {nat-conference},
}

@inproceedings{ViallardEmonetGermainHabrardMorvantZantedeschi2022,
  author    = {Paul Viallard and
               Rémi Emonet and
               Pascal Germain and
               Amaury Habrard and
               Emilie Morvant and
               Valentina Zantedeschi},
  title     = {{Intérêt des bornes désintégrées pour la généralisation avec des mesures de complexité}},
  booktitle = {Conférence sur l'Apprentissage automatique (CAp)},
  year      = {2022},
  keywords  = {nat-conference},
}

@inproceedings{ZantedeschiViallardMorvantEmonetHabrardGermainGuedj2022,
  author    = {Valentina Zantedeschi and
               Paul Viallard and
               Emilie Morvant and
               Rémi Emonet and
               Amaury Habrard and 
               Pascal Germain and
               Benjamin Guedj},
  title     = {{Learning Stochastic Majority Votes by Minimizing a PAC-Bayes Generalization Bound}},
  booktitle = {Conférence sur l'Apprentissage automatique (CAp)},
  year      = {2022},
  keywords  = {nat-conference},
}

%%%%%%%%%%%%%%%%%%%%%%%%%%%%%%%%%%%%%%%%%%%%%%%%%%%%%%%%%%%%%%%%%%%%%%%%%%%%%%%%%%%%%%%%%%%%%%%%%%%

@unpublished{ViallardGermainHabrardMorvant2022,
  author    = {Paul Viallard and
               Pascal Germain and
               Amaury Habrard and
               Emilie Morvant},
  title     = {A General Framework for the Disintegration of PAC-Bayesian Bounds},
  year      = {2022},
  keywords  = {report},
  note      = {\textit{Submitted}},
}

@unpublished{ViallardEmonetHabrardMorvantZantedeschi2022,
  author    = {Paul Viallard and 
               Rémi Emonet and 
               Amaury Habrard and
               Emilie Morvant and
               Valentina Zantedeschi},
  title     = {Generalization Bounds with Arbitrary Complexity Measures},
  year      = {2022},
  keywords  = {report},
  note      = {\textit{Submitted}},
}